@article{sandberg2005functional,
	title="Functional Product Life-cycle Simulation Model for Cost Estimation in Conceptual Design of Jet Engine Components",
	author="Marcus {Sandberg} and Patrik {Boart} and Tobias {Larsson}",
	journal="Concurrent Engineering",
	volume="13",
	number="4",
	pages="331--342",
	year="2005"
}

@article{pearlman1966maintenance,
	title="Maintenance cost studies of present aircraft subsustems",
	author="Chaim Herman Shalom {Pearlman} and R. W. {Simpson}",
	journal="",
	year="1966"
}

@article{fioriti2018cost,
	title="Cost-Estimating Model for Aircraft Maintenance",
	author="Marco {Fioriti} and Valeria {Vercella} and Nicole {Viola}",
	journal="Journal of Aircraft",
	volume="55",
	number="4",
	pages="1564--1575",
	year="2018"
}

@article{wong2008modelling,
	title="Modelling the Life Cycle Cost of Aero-engine Maintenance",
	author="James S. {Wong} and James P. {Scanlan} and Murat H. {Eres}",
	journal="",
	pages="233--240",
	year="2008"
}

@inproceedings{waghmode2010on,
	title="On the Expected Number of Failures and Maintenance Cost Prediction of Repairable Systems From Life Cycle Cost Modeling Perspective",
	author="Laxman Yadu {Waghmode} and Anil Dattatraya {Sahasrabudhe}",
	booktitle="Volume 5: 22nd International Conference on Design Theory and Methodology; Special Conference on Mechanical Vibration and Noise",
	pages="553--560",
	year="2010"
}

@article{seemann2011modeling,
	title="Modeling the life cycle cost of jet engine maintenance",
	author="Ralf {Seemann} and Stephan {Langhans} and Thomas {Schilling} and Volker {Gollnick}",
	journal="",
	year="2011"
}

@article{martinez2014improved,
	title="Improved Life Cycle Costâ€“Reduced Engine Maintenance Through Engine Health Monitoring Genetic Fuzzy System: Method Validation and Case Study",
	author="Alvaro {Martinez} and Luciano {Sanchez} and Ines {Couso}",
	journal="",
	year="2014"
}


@misc{mctg,
  title = {Maintenance Cost Technical Group},
  howpublished = {\url{https://www.iata.org/en/programs/workgroups/mctg/}},
  note = {Accessed: 2020-01-30}
}

